@book{knuth,
  title={The texbook},
  author={Knuth, D.E. and Bibby, D. and Makai, I.},
  volume={1993},
  year={1986},
  publisher={Addison-Wesley}
}

@misc{lamport,
  title={Document Preparation System},
  author={Lamport, L. and LaTEX, A.},
  year={1994},
  publisher={Addison-Wesley}
}

@book{mittelbach,
  title={The LATEX companion},
  author={Mittelbach, F. and Goossens, M. and Braams, J. and Carlisle, D. and Rowley, C. and Detig, C. and Schrod, J. and Downes, M.},
  volume={2},
  year={2004},
  publisher={Addison-Wesley}
}

@article{wilsonmemoir,
  title={The memoir class},
  author={Wilson, P. and Madsen, L.},
  year={2009}
}

@misc{oetiker,
  title={Uma n{\~a}o t{\~a}o pequena introdu{\c{c}}{\~a}o ao LATEX2$\varepsilon$},
  author={Oetiker, T. and Partl, H. and Hyna, I. and Schlegl, E.},
  year={1995},
  publisher={Tradu{\c{c}}{\~a}o portuguesa por}
}

@misc{tantau,
  title={TikZ and pgf manual},
  author={Tantau, Till}
}

@article{guidorizzi,
  title={Vol. 2 e 3},
  author={GUIDORIZZI, Hamilton L. and de C{\'a}lculo, U.C.},
  journal={Livros T{\'e}cnicos e Cient{\'\i}ficos}
}

@article{kaplan,
  title={C{\'a}lculo Avan{\c{c}}ado, vol. 1 e 2},
  author={Kaplan, Wilfred},
  journal={Edgard Bl{\"u}cher Editora e EDUSP},
  year={1972}
}

@book{Faris,
  title={Real Analysis},
  author={Faris, William G.},
  year={2004}
}

@book{elon,
  title={Curso de An{\'a}lise, vol. 1},
  author={Lima, Elon Lages},
  publisher={Instituto de Matem{\'a}tica Pura e Aplicada, CNPq}
}

@book{cabral,
  title={Curso de An\'alise Real},
  author={Neri, Cassio and Cabral, Marco},
  year={2006},
  publisher={UFRJ}
}

@book{rudin,
  title={Principles of mathematical analysis},
  author={Rudin, W.},
  volume={275},
  year={1976},
  publisher={McGraw-Hill New York}
}

@article{ritchie1989c,
  title={C a linguagem de programa{\c{c}}{\~a}o padr{\~a}o ANSI},
  author={RITCHIE, D.M. and KERNIGHAN, B.W.},
  journal={Rio de Janeiro: Campus, c1989. 289p},
  year={1989}
}

@article{walters1996c,
  title={C Programming. A Modern Approach. By KN King. WW Norton \& Company: New York. 1996. 661 pp. ISBN 0-393-96945-2.},
  author={Walters, D.E.},
  journal={Journal of Chemical Information and Computer Sciences},
  volume={36},
  number={5},
  pages={1050--1050},
  year={1996},
  publisher={ACS Publications}
}

@book{iezzi1995fundamentos,
  title={Fundamentos de matem{\'a}tica elementar},
  author={Iezzi, G. and Murakami, C. and Hazzan, S. and Dolce, O.},
  year={1995},
  publisher={Atual}
}

@book{xavier2007logica,
  title={L{\'o}gica de programa{\c{c}}{\~a}o},
  author={Xavier, G.F.C.},
  year={2007},
  publisher={Senac}
}

@inproceedings{sistemaswikipedia,
  title={Sistemas},
  author={Wikipedia},
  year={2012}
}

@inproceedings{habilidadewikipedia,
  title={Habilidades},
  author={Wikipedia},
  year={2012}
}

@inproceedings{competenciawikipedia,
  title={Competências},
  author={Wikipedia},
  year={2012}
}

@book{davenport1998conhecimento,
  title={Conhecimento Empresarial: como as organiza{\c{c}}{\~o}es gerenciam o seu capital},
  author={Davenport, T.H. and others},
  year={1998},
  publisher={Elsevier Brazil}
}

@book{videolivraria,
  title={Philippe Perrenoud e a Teoria das Competências},
  author={},
  year={2012}
}

@inproceedings{luisblog,
  title={Etapas do processo de desenvolvimento de sistemas},
  author={http://luis.blog.br/etapas-processo-desenvolvimento-sistemas.aspx},
  year={2012}
}

@inproceedings{seisfuncoesdeti,
  title={Seis funções de TI que serão muito bem remuneradas em 2012},
  author={http://cio.uol.com.br/gestao/2011/12/09/seis-funcoes-de-ti-serao-muito-bem-remuneradas-em-2012/},
  year={2012}
}


@book{machado1996arquitetura,
  title={Arquitetura de sistemas operacionais},
  author={Machado, F.B. and Maia, L.P.},
  year={1996},
  publisher={Livros Tecnicos e Cientificos}
}

@book{rezende2006engenharia,
  title={Engenharia de software e sistemas de informa{\c{c}}{\~a}o},
  author={Rezende, D.A.},
  year={2006},
  publisher={Brasport}
}

@book{sommerville2003engenharia,
  title={Engenharia de software},
  author={Sommerville, I. and Melnikoff, S.S.S. and Arakaki, R. and de Andrade Barbosa, E.},
  year={2003},
  publisher={Pearson Addison-Wesley}
}

@book{morimoto2006rede,
  title={Rede e servidores linux: guia pr{\'a}tico},
  author={Morimoto, C.E.},
  year={2006},
  publisher={Sul Editores}
}

@inproceedings{LaTeXBR,
  title={http://latexbr.blogspot.com.br/},
  author={Regis, Santos},
  year={2013}
}

@misc{tantau2004user,
  title={User’s Guide to the Beamer Class, Version 3.01},
  author={Tantau, T.},
  year={2004}
}